<?xml version='1.0' encoding='utf-8'?>
<record xmlns="http://www.loc.gov/MARC21/slim" xmlns:xsi="http://www.w3.org/2001/XMLSchema-instance">
  <leader>^^^^^npcaa22004931a^4500</leader>
  <controlfield tag="001">002745123</controlfield>
  <controlfield tag="005">19970708000000.0</controlfield>
  <controlfield tag="008">941208i18661926miu^^^^^|^^^^^^^^^^^eng^|</controlfield>
  <datafield tag="035" ind1=" " ind2=" ">
    <subfield code="a">(RLIN)MIUV89-A203</subfield>
  </datafield>
  <datafield tag="035" ind1=" " ind2=" ">
    <subfield code="a">(OCoLC)ocm34420381</subfield>
  </datafield>
  <datafield tag="040" ind1=" " ind2=" ">
    <subfield code="a">MiU-H</subfield>
    <subfield code="c">MiU-H</subfield>
    <subfield code="e">appm</subfield>
    <subfield code="d">MiU</subfield>
  </datafield>
  <datafield tag="100" ind1="1" ind2=" ">
    <subfield code="a">Langley, S. P.</subfield>
    <subfield code="q">(Samuel Pierpont),</subfield>
    <subfield code="d">1834-1906.</subfield>
  </datafield>
  <datafield tag="245" ind1="0" ind2="0">
    <subfield code="a">S. P. Langley papers,</subfield>
    <subfield code="f">1866-1926.</subfield>
  </datafield>
  <datafield tag="300" ind1=" " ind2=" ">
    <subfield code="a">.2 linear ft.</subfield>
  </datafield>
  <datafield tag="545" ind1=" " ind2=" ">
    <subfield code="a">Astronomer and physicist, secretary of the Smithsonian Institution, pioneer in theory and construction of heavier-than-air machines.</subfield>
  </datafield>
  <datafield tag="520" ind1=" " ind2=" ">
    <subfield code="a">Scientific and professional correspondence, including letters from Alexander Agassiz, Edward E. Hale, Oliver W. Holmes, Kaiser Wilhelm II, Rudyard Kipling, Robert T. Lincoln, Samuel S. McClure, Herbert Spencer, and Gideon Welles.</subfield>
  </datafield>
  <datafield tag="500" ind1=" " ind2=" ">
    <subfield code="a">Donor: 110</subfield>
  </datafield>
  <datafield tag="650" ind1=" " ind2="0">
    <subfield code="a">Astronomy</subfield>
    <subfield code="z">United States.</subfield>
  </datafield>
  <datafield tag="650" ind1=" " ind2="0">
    <subfield code="a">Aeronautics</subfield>
  </datafield>
  <datafield tag="650" ind1=" " ind2="0">
    <subfield code="a">Scientists</subfield>
    <subfield code="z">United States</subfield>
  </datafield>
  <datafield tag="700" ind1="1" ind2=" ">
    <subfield code="a">Abbe, Cleveland,</subfield>
    <subfield code="d">1838-1916.</subfield>
  </datafield>
  <datafield tag="700" ind1="1" ind2=" ">
    <subfield code="a">Agassiz, Alexander,</subfield>
    <subfield code="d">1835-1910.</subfield>
  </datafield>
  <datafield tag="700" ind1="1" ind2=" ">
    <subfield code="a">Dana, James Dwight,</subfield>
    <subfield code="d">1813-1895.</subfield>
  </datafield>
  <datafield tag="700" ind1="1" ind2=" ">
    <subfield code="a">Faye, H.</subfield>
    <subfield code="q">(Hervé),</subfield>
    <subfield code="d">1814-1902.</subfield>
  </datafield>
  <datafield tag="700" ind1="1" ind2=" ">
    <subfield code="a">Galton, Francis,</subfield>
    <subfield code="d">1822-1911.</subfield>
  </datafield>
  <datafield tag="700" ind1="1" ind2=" ">
    <subfield code="a">Hale, Edward Everett,</subfield>
    <subfield code="c">Sr.,</subfield>
    <subfield code="d">1822-1909.</subfield>
  </datafield>
  <datafield tag="700" ind1="1" ind2=" ">
    <subfield code="a">Holden, Edward S.</subfield>
    <subfield code="q">(Edward Singleton),</subfield>
    <subfield code="d">1846-1914.</subfield>
  </datafield>
  <datafield tag="700" ind1="1" ind2=" ">
    <subfield code="a">Holmes, Oliver Wendell,</subfield>
    <subfield code="d">1809-1894.</subfield>
  </datafield>
  <datafield tag="700" ind1="1" ind2=" ">
    <subfield code="a">Howells, William Dean,</subfield>
    <subfield code="d">1837-1920.</subfield>
  </datafield>
  <datafield tag="700" ind1="1" ind2=" ">
    <subfield code="a">Kipling, Rudyard,</subfield>
    <subfield code="d">1865-1936.</subfield>
  </datafield>
  <datafield tag="700" ind1="1" ind2=" ">
    <subfield code="a">Lincoln, Robert Todd,</subfield>
    <subfield code="d">1843-1926.</subfield>
  </datafield>
  <datafield tag="700" ind1="1" ind2=" ">
    <subfield code="a">McClure, Samuel Sidney,</subfield>
    <subfield code="d">b. 1857.</subfield>
  </datafield>
  <datafield tag="700" ind1="1" ind2=" ">
    <subfield code="a">Ripley, George,</subfield>
    <subfield code="d">1802-1880.</subfield>
  </datafield>
  <datafield tag="700" ind1="1" ind2=" ">
    <subfield code="a">Rood, Ogden Nicholas,</subfield>
    <subfield code="d">1831-1902.</subfield>
  </datafield>
  <datafield tag="700" ind1="1" ind2=" ">
    <subfield code="a">Smith, Roswell,</subfield>
    <subfield code="d">1829-1892.</subfield>
  </datafield>
  <datafield tag="700" ind1="1" ind2=" ">
    <subfield code="a">Spencer, Herbert,</subfield>
    <subfield code="d">1820-1903.</subfield>
  </datafield>
  <datafield tag="700" ind1="1" ind2=" ">
    <subfield code="a">Vogel, Hermann Karl,</subfield>
    <subfield code="d">1841-1907.</subfield>
  </datafield>
  <datafield tag="700" ind1="1" ind2=" ">
    <subfield code="a">Welles, Gideon,</subfield>
    <subfield code="d">1802-1878.</subfield>
  </datafield>
  <datafield tag="700" ind1="0" ind2=" ">
    <subfield code="a">William</subfield>
    <subfield code="b">II,</subfield>
    <subfield code="c">German Emperor,</subfield>
    <subfield code="d">1859-1941.</subfield>
  </datafield>
  <datafield tag="700" ind1="1" ind2=" ">
    <subfield code="a">Young, Charles A.</subfield>
    <subfield code="q">(Charles Augustus),</subfield>
    <subfield code="d">1834-1908.</subfield>
  </datafield>
  <datafield tag="852" ind1="8" ind2=" ">
    <subfield code="a">MiU-H</subfield>
    <subfield code="b">BENT</subfield>
    <subfield code="h">89203 Aa 2</subfield>
  </datafield>
  <datafield tag="998" ind1=" " ind2=" ">
    <subfield code="s">9554</subfield>
  </datafield>
  <datafield tag="955" ind1=" " ind2=" ">
    <subfield code="b">BENT</subfield>
    <subfield code="p">B1060187</subfield>
  </datafield>
</record>
